@online{clickworker.de, 
  author={Clickworker},
  title={KI Training},
  url={https://www.clickworker.de/kunden-blog/kuenstliche-intelligenz-systeme-trainieren/},
  urldate={2023-05-31},
  year={2023}
}

@online{digitales-institut.de, 
  author={Digitales Institut},
  title={Welche Bedenken gibt es mit dem Datenschutz bei KI?},
  url={https://digitales-institut.de/ki-und-datenschutz-herausforderungen-und-loesungsansaetze/},
  urldate={2023-05-31},
  year={2023}
}

@online{pwc.ch, 
  author={PWC},
  title={KI und Datenschutz},
  url={https://www.pwc.ch/de/insights/regulierung/datenschutz-und-kuenstliche-intelligenz.html},
  urldate={2023-05-31},
  year={2023}
}

@online{usercentrics.com, 
  author={Usercentrics},
  title={KI und Datenschutz},
  url={https://usercentrics.com/de/knowledge-hub/kuenstliche-intelligenz-ki-und-einwilligung/},
  urldate={2023-05-31},
  year={2023}
}

@book{example,
  title={The Title of the Book},
  author={The Author},
  publisher={The Publisher},
  year={2017},
}